34100000      080244522660000108                    02926 000000032068 6BARTE BRASIL LTDA.            BANCO ITAU SA                           11905202511150900000000000000                                                                     
34100011C2030030 244522660000108                    02926 000000032068 6BARTE BRASIL LTDA.                                                    AVENIDA PAULISTA              01636SALA  1504     SAO PAULO           01310200SP                  
3410001300001J00034191108200002234041090004817562954199382000ALLCOM TELECOM COMERCIO E SERV190520250000000002234040000000000000000000000000000001905202500000000022340400000000000000010058937995                                               
3410001300001J000522044522660000108BARTE BRASIL LTDA.                      2019390169000123ALLCOM TELECOM COMERCIO E SERVICOS LTDA 0000000000000000                                                                                             
3410001300001B   219390169000123RUA WERNER VON SIEMENS        00111TORRE A - 1O ANLAPA DE BAIXO  SAO PAULO           05069010SP                                                                                                                 
3410001300002J00034196109500001515271095166299977657112368000BOA VISTA SERVICOS S.A.       190520250000000001501540000000000000000000000000000001905202500000000015015400000000000000010064305341                                               
3410001300002J000522044522660000108BARTE BRASIL LTDA.                      2011725176000127BOA VISTA SERVICOS S.A.                 0000000000000000                                                                                             
3410001300002B   211725176000127AVENIDA TAMBORE               00267EDIF CAN C.ALPHTAMBORE        BARUERI             06460000SPcontato@boavista.com.br                                                                                          
3410001300003J00034191108700002000001091000204563100353949000COMBATEAFRAUDE TECNOLOGIA DA I190520250000000002000000000000000000000000000000000001905202500000000020000000000000000000010065211430                                               
3410001300003J000522044522660000108BARTE BRASIL LTDA.                      2034102645000157COMBATEAFRAUDE TECNOLOGIA DA INFORMACAO 0000000000000000                                                                                             
3410001300003B   234102645000157RUA TIRADENTES                01077SALA 505       CENTRO         VENANCIO AIRES      95800000RSfinanceiro@combateafraude.com                                                                                    
34100015         000011000000000000573558000000000000000000                                                                                                                                                                                     
34100021C2031030 244522660000108                    02926 000000032068 6BARTE BRASIL LTDA.                                                    AVENIDA PAULISTA              01636SALA  1504     SAO PAULO           01310200SP                  
3410002300001J00023793108700004600000001090214973788600059580MARTIANDEVS TECNOLOGIA DA INFO190520250000000004600000000000000000000000000000000001905202500000000046000000000000000000010052456268                                               
3410002300001J000522044522660000108BARTE BRASIL LTDA.                      2037582042000198MARTIANDEVS TECNOLOGIA DA INFORMACAO LTD0000000000000000                                                                                             
3410002300001B   237582042000198AV DO CAFE                    00238SALA  90       VILA GUARANI (ZSAO PAULO           04311000SPfinanceiro@bounties4.com                                                                                         
3410002300002J00023791108600003918463391090005351156200080750NECTA.CO S/A                  190520250000000003918460000000000000000000000000000001905202500000000039184600000000000000010055966841                                               
3410002300002J000522044522660000108BARTE BRASIL LTDA.                      2020555704000138NECTA.CO S/A                            0000000000000000                                                                                             
3410002300002B   220555704000138R SALVADOR SIMOES             00801SALA  1203     VILA DOM PEDRO SAO PAULO           04276000SPcontato@zsystems.com.br                                                                                          
3410002300003J00040191108700005631002025121000000000000199889QMR2 LTDA                     190520250000000005631000000000000000000000000000000001905202500000000056310000000000000000010064506128                                               
3410002300003J000522044522660000108BARTE BRASIL LTDA.                      2046778297000111QMR2 LTDA                               0000000000000000                                                                                             
3410002300003B   246778297000111RUA FLORIDA                   01901BLOCO B APT 171CIDADE MONCOES SAO PAULO           04565001SPabertura@contabilizei.com.br                                                                                     
3410002300004J00024698108800000235440001110502390500012193583EMPRESA BRASILEIRA DE CORREIOS190520250000000000235440000000000000000000000000000001905202500000000002354400000000000000010062839520                                               
3410002300004J000522044522660000108BARTE BRASIL LTDA.                      2034028316003129EMPRESA BRASILEIRA DE CORREIOS E TELEGRA0000000000000000                                                                                             
3410002300004B   234028316003129RUA MERGENTHALER              00592BLOCO II       VL LEOPOLDINA  SAO PAULO           05311030SPse-spm@correios.com.br                                                                                           
3410002300005J00040198108600003547862025135000000000000085884VIRTUALNFE DESENVOLVIMENTO DE 190520250000000003547860000000000000000000000000000001905202500000000035478600000000000000010056227840                                               
3410002300005J000522044522660000108BARTE BRASIL LTDA.                      2057743975000127VIRTUALNFE DESENVOLVIMENTO DE SOFTWARES 0000000000000000                                                                                             
3410002300005B   257743975000127AV ASSIS CHATEAUBRIAND        00010               FLORESTA       BELO HORIZONTE      30150101MG                                                                                                                 
34100025         000017000000000001793276000000000000000000                                                                                                                                                                                     
34100031C2013030 244522660000108                    02926 000000032068 6BARTE BRASIL LTDA.                                                    AVENIDA PAULISTA              01636SALA  1504     SAO PAULO           01310200SP                  
3410003300001O000826800000018292600970910095592964365195989709637COMPANHIA DE SANEAMENTO BASICO19052025REA00000000000000000000000001292619052025000000000000000   000000000   10064507420                                                       
34100035         000003000000000000012926000000000000000000                                                                                                                                                                                     
34100041C2291030 244522660000108                    02926 000000032068 6BARTE BRASIL LTDA.                                                    AVENIDA PAULISTA              01636SALA  1504     SAO PAULO           01310200SP                  
3410004300001O000858100002458000403852510400716251332469847980173BARTE BRASIL LTDA.            19052025REA00000000000000000000000245000419052025000000000000000   000000000   10064512712                                                       
34100045         000003000000000002450004000000000000000000                                                                                                                                                                                     
34199999         000004000036                                                                                                                                                                                                                   