34100000      080244522660000108                    02926 000000032068 6BARTE BRASIL LTDA.            BANCO ITAU SA                           10505202511540100000000000000                                                                     
34100041C2047040 244522660000108                    02926 000000032068 6BARTE BRASIL LTDA.                                                    AVENIDA PAULISTA              01636SALA  1504     SAO PAULO           01310200SP                  
3410004300001J00000000000000000000000000000000000000000000000EMPRESA BRASILEIRA DE BENEFICI050520250000000000522580000000000000000000000000000000505202500000000005225800000000000000010056355116                                               
3410004300002J000522044522660000108BARTE BRASIL LTDA.                      2033449007000144                                        A2EB0360-493E-46B1-AC86-22DF16706D7A                                         ILDWBXBV0J6MEIGS1BKGA8          
34100045         000004000000000000052258000000000000000000                                                                                                                                                                                     
34100051C2045040 244522660000108                    02926 000000032068 6BARTE BRASIL LTDA.                                                    AVENIDA PAULISTA              01636SALA  1504     SAO PAULO           01310200SP                  
3410005300001A000009000                    3LENS PRODUTORA AUDIOVISUAL LT10056227804         05052025REA000000000400000000000000150000                    00000000000000000000000                    00000044703564000166  01.3      5          
3410005300002B03 244703564000166                                                                                               44703564000166                                                                                                   
3410005300003A00000975604351 000000093011 3ADAUTO BOAVENTURA DA SILVA NET10056371674         05052025REA020382320100000000000000350000                    00000000000000000000000                    00000044128383000153  01.4      5          
3410005300004B   244128383000153                                                                                                                                                                                                                
3410005300005A000009000                    LUIZ CARLOS BALBO JUNIOR 3416410056413557         05052025REA000000000400000000000000300000                    00000000000000000000000                    00000022044973000165  01.3      5          
3410005300006B03 222044973000165                                                                                               22044973000165                                                                                                   
3410005300007A000009000                    EDUARDO DOS SANTOS SILVA 2959210056373584         05052025REA000000000400000000000000012000                    00000000000000000000000                    00000023145225000131  01.3      5          
3410005300008B01 223145225000131                                                                                               +5511961220123                                                                                                   
3410005300009A000009000                    GRACE JAMELLI                 10056359419         05052025REA000000000400000000000000051820                    00000000000000000000000                    00000000038557014821  01.3      5          
3410005300010B01 100038557014821                                                                                               +5511943316053                                                                                                   
3410005300011A000009000                    SAMILY GNATTA 12437325980     10056227815         05052025REA000000000400000000000000040000                    00000000000000000000000                    00000039789408000120  01.3      5          
3410005300012B03 239789408000120                                                                                               39789408000120                                                                                                   
3410005300013A000009000                    THE WHITE PAPER MKT E COPY LTD10056411267         05052025REA000000000400000000000000250000                    00000000000000000000000                    00000047432049000187  01.3      5          
3410005300014B03 247432049000187                                                                                               47432049000187                                                                                                   
3410005300015A000009000                    VALERIA CRISTINA CANDIDO DE SO10011332450         05052025REA000000000400000000000000041800                    00000000000000000000000                    00000000057585083149  01.3      5          
3410005300016B04 100057585083149                                                                                               BD408B98-F8C7-419A-9F60-9435E8B5E834                                                                             
3410005300017A00000934100660 000000014477 5YUNO INTERMEDIACAO DE SERVICOS10041748626         05052025REA607011900100000000000002800000                    00000000000000000000000                    00000047153327000167  01.4      5          
3410005300018B   247153327000167                                                                                                                                                                                                                
3410005300019A999009000                    ROBSON GOMES DE LIMA          10041748555         02052025REA000000000400000000000000000000                    00000000000000000000000                    00000050858152000106  01.3      5          
3410005300020B03 250858152000106                                                                                               50858152000106                                                                                                   
3410005300021A999009000                    RICARDO PERES COSTA SERVICOS A10049680552         02052025REA000000000400000000000000000000                    00000000000000000000000                    00000054756884000138  01.3      5          
3410005300022B03 254756884000138                                                                                               54756884000138                                                                                                   
3410005300023A999009000                    A M DA SILVA APOIO ADMINISTRAT10050380850         02052025REA000000000400000000000000000000                    00000000000000000000000                    00000049320418000175  01.3      5          
3410005300024B03 249320418000175                                                                                               49320418000175                                                                                                   
3410005300025A999009000                    START EVOLUCAO LTDA           10050380858         02052025REA000000000400000000000000000000                    00000000000000000000000                    00000048939067000112  01.3      5          
3410005300026B03 248939067000112                                                                                               48939067000112                                                                                                   
3410005300027A999009000                    LUCCAS P NUNES TECNOLOGIA DA I10050380869         02052025REA000000000400000000000000000000                    00000000000000000000000                    00000054398341000196  01.3      5          
3410005300028B03 254398341000196                                                                                               54398341000196                                                                                                   
3410005300029A999009000                    JORGE LUIZ RODRIGUES VILELLA D10050380878         02052025REA000000000400000000000000000000                    00000000000000000000000                    00000059644642000176  01.3      5          
3410005300030B03 259644642000176                                                                                               59644642000176                                                                                                   
3410005300031A999009000                    ANDRE DALLA NORA FAURI TECNOLO10050608235         02052025REA000000000400000000000000000000                    00000000000000000000000                    00000038335612000108  01.3      5          
3410005300032B03 238335612000108                                                                                               38335612000108                                                                                                   
3410005300033A999009000                    CHRISTIAN LOPES DE LIMA CONSUL10050608251         02052025REA000000000400000000000000000000                    00000000000000000000000                    00000058277358000146  01.3      5          
3410005300034B03 258277358000146                                                                                               58277358000146                                                                                                   
3410005300035A999009000                    WILSON NADIM FILHO CONSULTORIA10050608270         02052025REA000000000400000000000000000000                    00000000000000000000000                    00000042892078000108  01.3      5          
3410005300036B02 242892078000108                                                                                               wilson.nadim@gmail.com                                                                                           
3410005300037A999009000                    RODRIGO M FERNANDES LTDA      10050608296         02052025REA000000000400000000000000000000                    00000000000000000000000                    00000059880800000197  01.3      5          
3410005300038B03 259880800000197                                                                                               59880800000197                                                                                                   
3410005300039A999009000                    CARLOS EDUARDO OSES SOLUCOES E10051194867         02052025REA000000000400000000000000000000                    00000000000000000000000                    00000043793142000166  01.3      5          
3410005300040B03 243793142000166                                                                                               43793142000166                                                                                                   
3410005300041A999009000                    FELIPE SETTI LACERDA LTDA     10051194886         02052025REA000000000400000000000000000000                    00000000000000000000000                    00000054667187000100  01.3      5          
3410005300042B03 254667187000100                                                                                               54667187000100                                                                                                   
3410005300043A999009000                    THAMYRIS ROCHA FERNANDES GREGO10051194913         02052025REA000000000400000000000000000000                    00000000000000000000000                    00000059587098000178  01.3      5          
3410005300044B03 259587098000178                                                                                               59587098000178                                                                                                   
3410005300045A999009000                    KONIG SERVICOS ADMINISTRATIVOS10051194922         02052025REA000000000400000000000000000000                    00000000000000000000000                    00000053011473000150  01.3      5          
3410005300046B03 253011473000150                                                                                               53011473000150                                                                                                   
3410005300047A999009000                    YVES LUIS BASTOS CANARIO RODRI10051194930         02052025REA000000000400000000000000000000                    00000000000000000000000                    00000055406380000150  01.3      5          
3410005300048B03 255406380000150                                                                                               55406380000150                                                                                                   
3410005300049A999009000                    CESAR SILVA GOMES TECNOLOGIA D10051686162         02052025REA000000000400000000000000000000                    00000000000000000000000                    00000058978660000121  01.3      5          
3410005300050B03 258978660000121                                                                                               58978660000121                                                                                                   
3410005300051A999009000                    GRACE JAMELLI APOIO ADMINISTRA10052456337         02052025REA000000000400000000000000000000                    00000000000000000000000                    00000060120898000163  01.3      5          
3410005300052B03 260120898000163                                                                                               60120898000163                                                                                                   
3410005300053A999009000                    SUNNY CORP PRESTACAO DE SERVIC10052727915         02052025REA000000000400000000000000000000                    00000000000000000000000                    00000058410404000133  01.3      5          
3410005300054B03 258410404000133                                                                                               58410404000133                                                                                                   
3410005300055A999009000                    ERICK AUGUSTO DE ANDRADE MENDO10053595084         02052025REA000000000400000000000000000000                    00000000000000000000000                    00000045440471000159  01.3      5          
3410005300056B03 245440471000159                                                                                               45440471000159                                                                                                   
3410005300057A999009000                    NEXT TECNOLOGIA LTDA          10053595092         02052025REA000000000400000000000000000000                    00000000000000000000000                    00000046368358000172  01.3      5          
3410005300058B03 246368358000172                                                                                               46368358000172                                                                                                   
3410005300059A999009000                    59.895.043 THAMIRYS RODRIGUES 10053595140         02052025REA000000000400000000000000000000                    00000000000000000000000                    00000059895043000125  01.3      5          
3410005300060B03 259895043000125                                                                                               59895043000125                                                                                                   
3410005300061A999009000                    ISADORA CRESCENTE MUNARI      10053595196         02052025REA000000000400000000000000000000                    00000000000000000000000                    00000028362079000110  01.3      5          
3410005300062B03 228362079000110                                                                                               28362079000110                                                                                                   
3410005300063A999009000                    ALVARO DE ALBUQUERQUE SILVA NE10053595204         02052025REA000000000400000000000000000000                    00000000000000000000000                    00000040491792000169  01.3      5          
3410005300064B02 240491792000169                                                                                               alvaroneto.dev@gmail.com                                                                                         
3410005300065A999009000                    52.812.630 VICTOR CECILIO OLIV10053595220         02052025REA000000000400000000000000000000                    00000000000000000000000                    00000052812630000164  01.3      5          
3410005300066B03 252812630000164                                                                                               52812630000164                                                                                                   
3410005300067A999009000                    GUSTAVO HENRIQUE GOTTARDI ANTU10053595228         02052025REA000000000400000000000000000000                    00000000000000000000000                    00000026463234000169  01.3      5          
3410005300068B03 226463234000169                                                                                               26463234000169                                                                                                   
3410005300069A999009000                    60.223.614 GUILHERME ROCHA DA 10053595238         02052025REA000000000400000000000000000000                    00000000000000000000000                    00000060223614000164  01.3      5          
3410005300070B03 260223614000164                                                                                               60223614000164                                                                                                   
3410005300071A999009000                    50.516.001 EDMILSON NELSON DA 10053595247         02052025REA000000000400000000000000000000                    00000000000000000000000                    00000050516001000161  01.3      5          
3410005300072B03 250516001000161                                                                                               50516001000161                                                                                                   
3410005300073A999009000                    ELSON MANZALLI DA SILVA 22960510053595255         02052025REA000000000400000000000000000000                    00000000000000000000000                    00000037024382000101  01.3      5          
3410005300074B03 237024382000101                                                                                               37024382000101                                                                                                   
3410005300075A999009000                    GIOVANI BEZERRA DOS SANTOS JUN10053595263         02052025REA000000000400000000000000000000                    00000000000000000000000                    00000042730748000190  01.3      5          
3410005300076B03 242730748000190                                                                                               42730748000190                                                                                                   
3410005300077A999009000                    VINICIUS GONCALVES CAMPOS TELL10053595279         02052025REA000000000400000000000000000000                    00000000000000000000000                    00000040422466000108  01.3      5          
3410005300078B03 240422466000108                                                                                               40422466000108                                                                                                   
3410005300079A999009000                    51.155.732 ELAINE CRISTINA BIL10053595287         02052025REA000000000400000000000000000000                    00000000000000000000000                    00000051155732000191  01.3      5          
3410005300080B03 251155732000191                                                                                               51155732000191                                                                                                   
3410005300081A999009000                    BTECH SOLUCOES LTDA           10053595295         02052025REA000000000400000000000000000000                    00000000000000000000000                    00000057699052000115  01.3      5          
3410005300082B03 257699052000115                                                                                               57699052000115                                                                                                   
3410005300083A999009000                    IAN ROMANO MARQUES            10053595311         02052025REA000000000400000000000000000000                    00000000000000000000000                    00000034501257000149  01.3      5          
3410005300084B03 234501257000149                                                                                               34501257000149                                                                                                   
3410005300085A999009000                    57.884.533 ALEX FERNANDES DA C10054881797         02052025REA000000000400000000000000000000                    00000000000000000000000                    00000057884533000109  01.3      5          
3410005300086B03 257884533000109                                                                                               57884533000109                                                                                                   
3410005300087A999009000                    ALINE APARECIDA DE MELO LOPES 10054888689         02052025REA000000000400000000000000000000                    00000000000000000000000                    00000046126246000105  01.3      5          
3410005300088B03 246126246000105                                                                                               46126246000105                                                                                                   
3410005300089A999009000                    ANTONIO IGOR SILVA BORGES CONS10054890446         02052025REA000000000400000000000000000000                    00000000000000000000000                    00000045491281000160  01.3      5          
3410005300090B03 245491281000160                                                                                               45491281000160                                                                                                   
3410005300091A999009000                    BRUNO ISRAEL 8 PROMO DE VENDAS10054892248         02052025REA000000000400000000000000000000                    00000000000000000000000                    00000033665509000102  01.3      5          
3410005300092B03 233665509000102                                                                                               33665509000102                                                                                                   
3410005300093A999009000                    CAETANO LACERDA ASSESSORIA LTD10054903707         02052025REA000000000400000000000000000000                    00000000000000000000000                    00000050412232000125  01.3      5          
3410005300094B03 250412232000125                                                                                               50412232000125                                                                                                   
3410005300095A999009000                    DAN SAMUEL MAIA LAGOA TECNOLOG10054954203         02052025REA000000000400000000000000000000                    00000000000000000000000                    00000044936600000131  01.3      5          
3410005300096B01 244936600000131                                                                                               +5562994152216                                                                                                   
3410005300097A999009000                    DAVI CUNHA VANDERLEI          10054987433         02052025REA000000000400000000000000000000                    00000000000000000000000                    00000000007390883197  01.3      5          
3410005300098B01 100007390883197                                                                                               +5561982557784                                                                                                   
3410005300099A999009000                    HANDALTECH TECNOLOGIA E ENGENH10055000502         02052025REA000000000400000000000000000000                    00000000000000000000000                    00000036764290000197  01.3      5          
3410005300100B03 236764290000197                                                                                               36764290000197                                                                                                   
3410005300101A999009000                    54.178.156 EDUARDO DA SILVA CA10055019222         02052025REA000000000400000000000000000000                    00000000000000000000000                    00000054178156000196  01.3      5          
3410005300102B03 254178156000196                                                                                               54178156000196                                                                                                   
3410005300103A999009000                    MARCELA GOMES GIANNELLA 41897010055030332         02052025REA000000000400000000000000000000                    00000000000000000000000                    00000022416166000126  01.3      5          
3410005300104B03 222416166000126                                                                                               22416166000126                                                                                                   
3410005300105A999009000                    PEDRO ATTILI FRANZIN          10055030534         02052025REA000000000400000000000000000000                    00000000000000000000000                    00000000050916287890  01.3      5          
3410005300106B02 100050916287890                                                                                               pe.franzin@gmail.com                                                                                             
3410005300107A999009000                    R MILARE SERVICOS DE APOIO ADM10055031287         02052025REA000000000400000000000000000000                    00000000000000000000000                    00000045029062000164  01.3      5          
3410005300108B03 245029062000164                                                                                               45029062000164                                                                                                   
3410005300109A999009000                    RAPHAEL DYXKLAY ADMINISTRACAO 10055035982         02052025REA000000000400000000000000000000                    00000000000000000000000                    00000045115536000190  01.3      5          
3410005300110B03 245115536000190                                                                                               45115536000190                                                                                                   
3410005300111A999009000                    54.664.444 STEPHANNE BONETO CA10055036619         02052025REA000000000400000000000000000000                    00000000000000000000000                    00000054664444000150  01.3      5          
3410005300112B03 254664444000150                                                                                               54664444000150                                                                                                   
3410005300113A999009000                    60.215.059 GABRIELA MELISSA DO10055040719         02052025REA000000000400000000000000000000                    00000000000000000000000                    00000060215059000129  01.3      5          
3410005300114B03 260215059000129                                                                                               60215059000129                                                                                                   
3410005300115A999009000                    EVJ DATA   PROCESS ANALISE E E10055048164         02052025REA000000000400000000000000000000                    00000000000000000000000                    00000060509971000193  01.3      5          
3410005300116B03 260509971000193                                                                                               60509971000193                                                                                                   
34100055         000118000000000003995620000000000000000000                                                                                                                                                                                     
34199999         000005000124                                                                                                                                                                                                                   
