34100000      080244522660000108                    02926 000000032068 6BARTE BRASIL LTDA.            BANCO ITAU SA                           10406202514575400000000000000                                                                     
34100031C2047040 244522660000108                    02926 000000032068 6BARTE BRASIL LTDA.                                                    AVENIDA PAULISTA              01636SALA  1504     SAO PAULO           01310200SP                  
3410003300001J99900000000000000000000000000000000000000000000EMPRESA BRASILEIRA DE BENEFICI000000000000000000116130000000000000000000000000000000206202500000000000000000000000000000010071105084                                               
3410003300002J999522044522660000108BARTE BRASIL LTDA.                      2033449007000144                                        A2EB0360-493E-46B1-AC86-22DF16706D7A                                         IH9JXNLIWJDLBFKB1HR4WQ          
3410003300003J99900000000000000000000000000000000000000000000EMPRESA BRASILEIRA DE BENEFICI000000000000000038800000000000000000000000000000000000206202500000000000000000000000000000010071108892                                               
3410003300004J999522044522660000108BARTE BRASIL LTDA.                      2033449007000144                                        A2EB0360-493E-46B1-AC86-22DF16706D7A                                         EL6OIS2K9HWFTTL38ZHVHJ          
3410003300005J99900000000000000000000000000000000000000000000EMPRESA BRASILEIRA DE BENEFICI000000000000000000348390000000000000000000000000000000206202500000000000000000000000000000010071110966                                               
3410003300006J999522044522660000108BARTE BRASIL LTDA.                      2033449007000144                                        A2EB0360-493E-46B1-AC86-22DF16706D7A                                         J9MREH1E1OGNWJIKARTWGA          
3410003300007J99900000000000000000000000000000000000000000000EMPRESA BRASILEIRA DE BENEFICI000000000000000000329040000000000000000000000000000000206202500000000000000000000000000000010071113399                                               
3410003300008J999522044522660000108BARTE BRASIL LTDA.                      2033449007000144                                        A2EB0360-493E-46B1-AC86-22DF16706D7A                                         DPAXZBBJH3DXQQN2NIDME1          
34100035         000010000000000000000000000000000000000000                                                                                                                                                                                     
34100041C2045040 244522660000108                    02926 000000032068 6BARTE BRASIL LTDA.                                                    AVENIDA PAULISTA              01636SALA  1504     SAO PAULO           01310200SP                  
3410004300001A000009000                    GRACE JAMELLI                 10081429391         04062025REA000000000400000000000000018392                    00000000000000000000000                    00000000038557014821  01.3      5          
3410004300002B01 100038557014821                                                                                               +5511943316053                                                                                                   
3410004300003A999009000                    GUSTAVO HENRIQUE GOTTARDI ANTU10069790536         03062025REA000000000400000000000000000000                    00000000000000000000000                    00000026463234000169  01.3      5          
3410004300004B03 226463234000169                                                                                               26463234000169                                                                                                   
3410004300005A999009000                    NOIS AGENCY LTDA              10071123115         02062025REA000000000400000000000000000000                    00000000000000000000000                    00000051987575000180  01.3      5          
3410004300006B02 251987575000180                                                                                               daniel@nois.agency                                                                                               
34100045         000008000000000000018392000000000000000000                                                                                                                                                                                     
34199999         000004000020                                                                                                                                                                                                                   
