34100000      080244522660000108                    02926 000000032068 6BARTE BRASIL LTDA.            BANCO ITAU SA                           12605202510413900000000000000                                                                     
34100041C2045040 244522660000108                    02926 000000032068 6BARTE BRASIL LTDA.                                                    AVENIDA PAULISTA              01636SALA  1504     SAO PAULO           01310200SP                  
3410004300001A000009000                    BECKER, BRUZZI   LAMEIRAO ADVO10068376755         26052025REA000000000400000000000000660000                    00000000000000000000000                    00000045368352000132  01.3      5          
3410004300002B03 245368352000132                                                                                               45368352000132                                                                                                   
3410004300003A000009000                    BECKER, BRUZZI   LAMEIRAO ADVO10068380097         26052025REA000000000400000000000000350000                    00000000000000000000000                    00000045368352000132  01.3      5          
3410004300004B03 245368352000132                                                                                               45368352000132                                                                                                   
3410004300005A000009000                    BRUNA BATISTA DA SILVA        10069089210         26052025REA000000000400000000000000036000                    00000000000000000000000                    00000000040636099873  01.3      5          
3410004300006B03 100040636099873                                                                                               40636099873                                                                                                      
3410004300007A000009000                    BRUNA BATISTA DA SILVA        10069100343         26052025REA000000000400000000000000156000                    00000000000000000000000                    00000000040636099873  01.3      5          
3410004300008B03 100040636099873                                                                                               40636099873                                                                                                      
3410004300009A000009000                    DU LAR SOLUCOES EM JARDINAGEM 10068386205         26052025REA000000000400000000000000070000                    00000000000000000000000                    00000053973150000148  01.3      5          
3410004300010B03 253973150000148                                                                                               53973150000148                                                                                                   
3410004300011A000009000                    FRANCISCO MOTA SILVA 03346260810068387944         26052025REA000000000400000000000000025000                    00000000000000000000000                    00000024132957000150  01.3      5          
3410004300012B03 224132957000150                                                                                               24132957000150                                                                                                   
3410004300013A000009000                    JULIANE KAORI HIGA 4121221885010068397903         26052025REA000000000400000000000000090000                    00000000000000000000000                    00000045190357000118  01.3      5          
3410004300014B03 245190357000118                                                                                               45190357000118                                                                                                   
3410004300015A00000926000001 000040203897 3MACB SERVICOS ADMINISTRATIVOS 10068406175         26052025REA182361200100000000000000876480                    00000000000000000000000                    00000045763746000195  01.4      5          
3410004300016B   245763746000195                                                                                                                                                                                                                
3410004300017A000009000                    VALERIA CRISTINA CANDIDO DE SO10011332459         26052025REA000000000400000000000000041800                    00000000000000000000000                    00000000057585083149  01.3      5          
3410004300018B04 100057585083149                                                                                               BD408B98-F8C7-419A-9F60-9435E8B5E834                                                                             
34100045         000020000000000002305280000000000000000000                                                                                                                                                                                     
34199999         000004000022                                                                                                                                                                                                                   
