34100000      080244522660000108                    02926 000000032068 6BARTE BRASIL LTDA.            BANCO ITAU SA                           11205202512421800000000000000                                                                     
34100051C2047040 244522660000108                    02926 000000032068 6BARTE BRASIL LTDA.                                                    AVENIDA PAULISTA              01636SALA  1504     SAO PAULO           01310200SP                  
3410005300001J00000000000000000000000000000000000000000000000EMPRESA BRASILEIRA DE BENEFICI120520250000000000400000000000000000000000000000000001205202500000000004000000000000000000010062080727                                               
3410005300002J000522044522660000108BARTE BRASIL LTDA.                      2033449007000144                                        A2EB0360-493E-46B1-AC86-22DF16706D7A                                         QCVRZI5ZUOP5ETBP9NYZVV          
34100055         000004000000000000040000000000000000000000                                                                                                                                                                                     
34100061C2045040 244522660000108                    02926 000000032068 6BARTE BRASIL LTDA.                                                    AVENIDA PAULISTA              01636SALA  1504     SAO PAULO           01310200SP                  
3410006300001A00000934107048 000000010803 4CARMEN LUCIA MELGES ELIAS GATT9981538385          12052025REA607011900100000000000001577123                    00000000000000000000000                    00000000004538093831  01.4      5          
3410006300002B   100004538093831                                                                                                                                                                                                                
3410006300003A00000934107048 000000010803 4CARMEN LUCIA MELGES ELIAS GATT10004170291         12052025REA607011900100000000000000424169                    00000000000000000000000                    00000000004538093831  01.4      5          
3410006300004B   100004538093831                                                                                                                                                                                                                
3410006300005A00000934101248 000000006376 8INSTITUTO EMPREENDER ENDEAVOR 10035498834         12052025REA607011900100000000000001144000                    00000000000000000000000                    00000003984807000102  01.4      5          
3410006300006B   203984807000102                                                                                                                                                                                                                
3410006300007A000009000                    RAFAEL STADNIKI MORATO PEDREIR10062007403         12052025REA000000000400000000000000050000                    00000000000000000000000                    00000036525741000133  01.3      5          
3410006300008B03 236525741000133                                                                                               36525741000133                                                                                                   
3410006300009A00000934100251 000000099669 0SYMBIOTIC TECNOLOGIA LTDA     10055966849         12052025REA607011900100000000000000890096                    00000000000000000000000                    00000048758762000188  01.4      5          
3410006300010B   248758762000188                                                                                                                                                                                                                
3410006300011A000009000                    VALERIA CRISTINA CANDIDO DE SO10011332453         12052025REA000000000400000000000000041800                    00000000000000000000000                    00000000057585083149  01.3      5          
3410006300012B04 100057585083149                                                                                               BD408B98-F8C7-419A-9F60-9435E8B5E834                                                                             
3410006300013A00000934103835 000000090089 9VIKING CLOUD BRASIL LTDA      10047571935         12052025REA607011900100000000000001058393                    00000000000000000000000                    00000042840513000150  01.4      5          
3410006300014B   242840513000150                                                                                                                                                                                                                
34100065         000016000000000005185581000000000000000000                                                                                                                                                                                     
34199999         000006000022                                                                                                                                                                                                                   
