34100000      080244522660000108                    02926 000000032068 6BARTE BRASIL LTDA.            BANCO ITAU SA                           10406202514575400000000000000                                                                     
34100011C2030030 244522660000108                    02926 000000032068 6BARTE BRASIL LTDA.                                                    AVENIDA PAULISTA              01636SALA  1504     SAO PAULO           01310200SP                  
3410001300001J00034199110300001169001090189027350910026160000OMIEXPERIENCE LTDA.           040620250000000001169000000000000000000000000000000000406202500000000011690000000000000000010063994108                                               
3410001300001J000522044522660000108BARTE BRASIL LTDA.                      2018511742000147OMIEXPERIENCE LTDA.                     0000000000000000                                                                                             
3410001300001B   218511742000147AV JURUBATUBA                 00460               VILA CORDEIRO  SAO PAULO           04583100SPfinanceiro@omie.com.br                                                                                           
34100015         000005000000000000116900000000000000000000                                                                                                                                                                                     
34100021C2219030 244522660000108                    02926 000000032068 6BARTE BRASIL LTDA.                                                    AVENIDA PAULISTA              01636SALA  1504     SAO PAULO           01310200SP                  
3410002300001O999818600019300012057012508530020052484233900299770PREFEITURA DO MUNICIPIO DE SAO00000000REA00000000000000000000000000000002062025000000000000000   000000000   10071116035                                                       
34100025         000003000000000000000000000000000000000000                                                                                                                                                                                     
34199999         000002000010                                                                                                                                                                                                                   
