34100000      080244522660000108                    02926 000000032068 6BARTE BRASIL LTDA.            BANCO ITAU SA                           12204202508545500000000000000                                                                     
34100011C2030030 244522660000108                    02926 000000032068 6BARTE BRASIL LTDA.                                                    AVENIDA PAULISTA              01636SALA  1504     SAO PAULO           01310200SP                  
3410001300001J00034196105900001057021095157701567657112368000BOA VISTA SERVICOS S.A.       220420250000000001057020000000000000000000000000000002204202500000000010570200000000000000010041748680                                               
3410001300001J000522044522660000108BARTE BRASIL LTDA.                      2011725176000127BOA VISTA SERVICOS S.A.                 0000000000000000                                                                                             
3410001300001B   211725176000127AVENIDA TAMBORE               00267EDIF CAN C.ALPHTAMBORE        BARUERI             06460000SPcontato@boavista.com.br                                                                                          
3410001300002J00034196106000002000001091000185423100353949000COMBATEAFRAUDE TECNOLOGIA DA I220420250000000002000000000000000000000000000000000002204202500000000020000000000000000000010049717078                                               
3410001300002J000522044522660000108BARTE BRASIL LTDA.                      2034102645000157COMBATEAFRAUDE TECNOLOGIA DA INFORMACAO 0000000000000000                                                                                             
3410001300002B   234102645000157RUA TIRADENTES                01077SALA 505       CENTRO         VENANCIO AIRES      95800000RSfinanceiro@combateafraude.com                                                                                    
34100015         000008000000000000305702000000000000000000                                                                                                                                                                                     
34100021C2031030 244522660000108                    02926 000000032068 6BARTE BRASIL LTDA.                                                    AVENIDA PAULISTA              01636SALA  1504     SAO PAULO           01310200SP                  
3410002300001J00023799105700004600000001090214955281300059580MARTIANDEVS TECNOLOGIA DA INFO220420250000000004600000000000000000000000000000000002204202500000000046000000000000000000010036012203                                               
3410002300001J000522044522660000108BARTE BRASIL LTDA.                      2037582042000198MARTIANDEVS TECNOLOGIA DA INFORMACAO LTD0000000000000000                                                                                             
3410002300001B   237582042000198AV DO CAFE                    00238SALA  90       VILA GUARANI (ZSAO PAULO           04311000SPfinanceiro@bounties4.com                                                                                         
3410002300002J00023794105700000800003369090000000284900061430TRMS DATA LTDA                200420250000000000800000000000000000000000000000000002204202500000000008000000000000000000010049717967                                               
3410002300002J000522044522660000108BARTE BRASIL LTDA.                      2054101709000102TRMS DATA LTDA                          0000000000000000                                                                                             
3410002300002B   254101709000102RUA SETE DE SETEMBRO          00111SAL 1301       CENTRO         RIO DE JANEIRO      20050006RJinfo@trmsdata.com.br                                                                                             
3410002300003J00040197105700006000002025091000000000000108141QMR2 LTDA                     220420250000000006000000000000000000000000000000000002204202500000000060000000000000000000010049721259                                               
3410002300003J000522044522660000108BARTE BRASIL LTDA.                      2046778297000111QMR2 LTDA                               0000000000000000                                                                                             
3410002300003B   246778297000111RUA FLORIDA                   01901BLOCO B APT 171CIDADE MONCOES SAO PAULO           04565001SPabertura@contabilizei.com.br                                                                                     
34100025         000011000000000001140000000000000000000000                                                                                                                                                                                     
34199999         000002000021                                                                                                                                                                                                                   
