34100000      080244522660000108                    02926 000000032068 6BARTE BRASIL LTDA.            BANCO ITAU SA                           11205202512421800000000000000                                                                     
34100011C2030030 244522660000108                    02926 000000032068 6BARTE BRASIL LTDA.                                                    AVENIDA PAULISTA              01636SALA  1504     SAO PAULO           01310200SP                  
3410001300001J00034195108100002500001095161947867657112368000BOA VISTA SERVICOS S.A.       120520250000000002500000000000000000000000000000000001205202500000000025000000000000000000010061593495                                               
3410001300001J000522044522660000108BARTE BRASIL LTDA.                      2011725176000127BOA VISTA SERVICOS S.A.                 0000000000000000                                                                                             
3410001300001B   211725176000127AVENIDA TAMBORE               00267EDIF CAN C.ALPHTAMBORE        BARUERI             06460000SPcontato@boavista.com.br                                                                                          
3410001300002J00034197108500003356601091838880927307144464000INCENTIVAR A CORAGEM LTDA     120520250000000003356600000000000000000000000000000001205202500000000033566000000000000000010061588443                                               
3410001300002J000522044522660000108BARTE BRASIL LTDA.                      2047242827000175INCENTIVAR A CORAGEM LTDA               0000000000000000                                                                                             
3410001300002B   247242827000175RUA DOS PINHEIROS             00870CONJ 144       PINHEIROS      SAO PAULO           05422001SPcontato@latuseguros.com                                                                                          
3410001300003J00034199108600000240001090000011944465220574000LEND GESTAO DE GARANTIAS LTDA 120520250000000000240000000000000000000000000000000001205202500000000002400000000000000000010055966857                                               
3410001300003J000522044522660000108BARTE BRASIL LTDA.                      2039879188000125LEND GESTAO DE GARANTIAS LTDA           0000000000000000                                                                                             
3410001300003B   239879188000125RUA DEP LACERDA FRANCO        00300CONJ 36        PINHEIROS      SAO PAULO           05418000SPcontato@lend.tech                                                                                                
3410001300004J00034192108600000006001090000008610444457055000LEND SOCIEDADE DE CREDITO DIRE120520250000000000006000000000000000000000000000000001205202500000000000060000000000000000010055966865                                               
3410001300004J000522044522660000108BARTE BRASIL LTDA.                      2037526080000123LEND SOCIEDADE DE CREDITO DIRETO SA     0000000000000000                                                                                             
3410001300004B   237526080000123RUA DEPUTADO LACERDA FRANCO   00300CONJ 36        PINHEIROS      SAO PAULO           05418000SPcontato@lend.tech                                                                                                
3410001300005J00034191107900009373271090002473812938589864000STNE PARTICIPACOES S.A.       120520250000000009373270000000000000000000000000000001205202500000000093732700000000000000010055966889                                               
3410001300005J000522044522660000108BARTE BRASIL LTDA.                      2035767420000182STNE PARTICIPACOES S.A.                 0000000000000000                                                                                             
3410001300005B   235767420000182AV DRA RUTH CARDOSO           07221CONJ  1501     PINHEIROS      SAO PAULO           05425902SP                                                                                                                 
3410001300006J00034194108200006938691090151362790378005789000VTEX BRASIL TECNOLOGIA PARA E-120520250000000006938690000000000000000000000000000001205202500000000069386900000000000000010055171343                                               
3410001300006J000522044522660000108BARTE BRASIL LTDA.                      2005314972000174VTEX BRASIL TECNOLOGIA PARA E-COMMERCE L0000000000000000                                                                                             
3410001300006B   205314972000174AV BRIGADEIRO FARIA LIMA      04440ANDAR 10       ITAIM BIBI     SAO PAULO           04538132SPcontasapagar@vtex.com.br                                                                                         
3410001300007J00034198108400000379491090001088206330173466000WALL JOBS TECNOLOGIA LTDA     120520250000000000379490000000000000000000000000000001205202500000000003794900000000000000010055504769                                               
3410001300007J000522044522660000108BARTE BRASIL LTDA.                      2023251141000182WALL JOBS TECNOLOGIA LTDA               0000000000000000                                                                                             
3410001300007B   223251141000182RUA CUNHA                     00118CONJ 2         VILA CLEMENTINOSAO PAULO           04037030SPfinanceiro@walljobs.com.br                                                                                       
34100015         000023000000000002279405000000000000000000                                                                                                                                                                                     
34100021C2031030 244522660000108                    02926 000000032068 6BARTE BRASIL LTDA.                                                    AVENIDA PAULISTA              01636SALA  1504     SAO PAULO           01310200SP                  
3410002300001J00003391107900010903639785437400000149465800101AIG SEGUROS BRASIL S.A.       120520250000000010903630000000000000000000000000000001205202500000000109036300000000000000010061589505                                               
3410002300001J000522044522660000108BARTE BRASIL LTDA.                      2033040981000150AIG SEGUROS BRASIL S.A.                 0000000000000000                                                                                             
3410002300001B   233040981000150AVENIDA DOUTOR CHUCRI ZAIDAN  00296ANDAR 17 E 18  VILA CORDEIRO  SAO PAULO           04583110SPbr.recepcao@aig.com                                                                                              
3410002300002J00074597108100004200003100128559035330009252836BFS BR - AI LTDA              120520250000000004200000000000000000000000000000000001205202500000000042000000000000000000010061590921                                               
3410002300002J000522044522660000108BARTE BRASIL LTDA.                      2047648103000126BFS BR - AI LTDA                        0000000000000000                                                                                             
3410002300002B   247648103000126RUA ALVES GUIMARAES           00855SALA 122       PINHEIROS      SAO PAULO           05410001SPricardo@beaconfounders.com                                                                                       
3410002300003J00040191108200000850002025129000000000000004129DEAL MACHINE LTDA             120520250000000000850000000000000000000000000000000001205202500000000008500000000000000000010061673701                                               
3410002300003J000522044522660000108BARTE BRASIL LTDA.                      2051932220000194DEAL MACHINE LTDA                       0000000000000000                                                                                             
3410002300003B   251932220000194AVENIDA GRANDE CANAL          01315APT 903 BLC 3  BARRA DA TIJUCARIO DE JANEIRO      22640060RJnetto_perim@hotmail.com                                                                                          
3410002300004J00045091108200006090000020000187306475730261870NEW COMPANNY CONTADORES ASSOCI120520250000000006090000000000000000000000000000000001205202500000000060900000000000000000010055966873                                               
3410002300004J000522044522660000108BARTE BRASIL LTDA.                      2048851266000174NEW COMPANNY CONTADORES ASSOCIADOS      0000000000000000                                                                                             
3410002300004B   248851266000174AVENIDA MOFARREJ              00348CONJ 1308      VILA LEOPOLDINASAO PAULO           05311000SPtributos@incompanny.com.br                                                                                       
3410002300005J00030194107900024496320000015301860006357957204MALGA CONSULTORIA E SERVICOS L120520250000000024496320000000000000000000000000000001205202500000000244963200000000000000010053595068                                               
3410002300005J000522044522660000108BARTE BRASIL LTDA.                      2037134852000181MALGA CONSULTORIA E SERVICOS LTDA.      0000000000000000                                                                                             
3410002300005B   237134852000181DA GAVEA                      00696SAL 0213 SAL 02SAO CONRADO    RIO DE JANEIRO      22610002RJdiligenceempresarial@outlook.com                                                                                 
3410002300006J00030195108200039312750000015301860006346622204MALGA CONSULTORIA E SERVICOS L120520250000000039312750000000000000000000000000000001205202500000000393127500000000000000010056075863                                               
3410002300006J000522044522660000108BARTE BRASIL LTDA.                      2037134852000181MALGA CONSULTORIA E SERVICOS LTDA.      0000000000000000                                                                                             
3410002300006B   237134852000181DA GAVEA                      00696SAL 0213 SAL 02SAO CONRADO    RIO DE JANEIRO      22610002RJdiligenceempresarial@outlook.com                                                                                 
3410002300007J00032997107900000308610001090000900511700796020PLUGIFY TECNOLOGIA S/A        120520250000000000308610000000000000000000000000000001205202500000000003086100000000000000010061987347                                               
3410002300007J000522044522660000108BARTE BRASIL LTDA.                      2023599885000192PLUGIFY TECNOLOGIA S/A                  0000000000000000                                                                                             
3410002300007B   223599885000192AVENIDA DAS NACOES UNIDAS     11857CONJ 81 E 82   BROOKLIN PAULISSAO PAULO           04578908SPcontato@plugify.com.br                                                                                           
3410002300008J00040192107900003815332025122000000000000324029TRANSFEERA INSTITUICAO DE PAGA120520250000000003815330000000000000000000000000000001205202500000000038153300000000000000010062014016                                               
3410002300008J000522044522660000108BARTE BRASIL LTDA.                      2027084098000169TRANSFEERA INSTITUICAO DE PAGAMENTO S.A 0000000000000000                                                                                             
3410002300008B   227084098000169RUA DONA FRANCISCA            08300SALA 401 EDIFICZONA INDUSTRIALJOINVILLE           89219600SCcontato@transfeera.com                                                                                           
34100025         000026000000000008997664000000000000000000                                                                                                                                                                                     
34100031C2013030 244522660000108                    02926 000000032068 6BARTE BRASIL LTDA.                                                    AVENIDA PAULISTA              01636SALA  1504     SAO PAULO           01310200SP                  
3410003300001O000836400000003329900577258004777364003006253952300COMPANHIA DE GAS DE SAO PAULO 12052025REA00000000000000000000000000329912052025000000000000000   000000000   10061638102                                                       
3410003300002O000846300000011399900820891992569262114956429106993TELEFONICA BRASIL S.A.        12052025REA00000000000000000000000001399912052025000000000000000   000000000   10062067979                                                       
34100035         000004000000000000017298000000000000000000                                                                                                                                                                                     
34100041C2219030 244522660000108                    02926 000000032068 6BARTE BRASIL LTDA.                                                    AVENIDA PAULISTA              01636SALA  1504     SAO PAULO           01310200SP                  
3410004300001O000818900015482847057012501512020052419261900299651PREFEITURA DO MUNICIPIO DE SAO12052025REA00000000000000000000001548847012052025000000000000000   000000000   10061820933                                                       
3410004300002O000818600000005058657012507512020052419246100299823PREFEITURA DO MUNICIPIO DE SAO12052025REA00000000000000000000000000058612052025000000000000000   000000000   10061852256                                                       
34100045         000004000000000015489056000000000000000000                                                                                                                                                                                     
34199999         000004000059                                                                                                                                                                                                                   
