34100000      080244522660000108                    02926 000000032068 6BARTE BRASIL LTDA.            BANCO ITAU SA                           10206202510144000000000000000                                                                     
34100011C2031030 244522660000108                    02926 000000032068 6BARTE BRASIL LTDA.                                                    AVENIDA PAULISTA              01636SALA  1504     SAO PAULO           01310200SP                  
3410001300001J0004619111030000540000111000000000003148795500149.855.267 LUCAS SEVERO AGLIAR020620250000000005400000000000000000000000000000000000206202500000000054000000000000000000010073354595                                               
3410001300001J000522044522660000108BARTE BRASIL LTDA.                      204985526700015049.855.267 LUCAS SEVERO AGLIARDI        0000000000000000                                                                                             
3410001300001B   249855267000150RODOVIA ARMANDO CALIL BULOS   06567APT 109;BLOCO FINGLESES DO RIOFLORIANOPOLIS       88058001SClucas.agliardi@hotmail.com                                                                                       
3410001300002J00007791110300007962000001112022778990303279239LEANDRO CORREA SOCIEDADE INDIV020620250000000007962000000000000000000000000000000000206202500000000079620000000000000000010062440258                                               
3410001300002J000522044522660000108BARTE BRASIL LTDA.                      2027206436000198LEANDRO CORREA SOCIEDADE INDIVIDUAL DE A0000000000000000                                                                                             
3410001300002B   227206436000198RUA MINISTRO FERREIRA ALVES   00330APT 513        PERDIZES       SAO PAULO           05009060SP                                                                                                                 
3410001300003J00032997110000013322660001090000900513700796020PLUGIFY TECNOLOGIA S/A        020620250000000013322660000000000000000000000000000000206202500000000133226600000000000000010073351211                                               
3410001300003J000522044522660000108BARTE BRASIL LTDA.                      2023599885000192PLUGIFY TECNOLOGIA S/A                  0000000000000000                                                                                             
3410001300003B   223599885000192AVENIDA DAS NACOES UNIDAS     11857CONJ 81 E 82   BROOKLIN PAULISSAO PAULO           04578908SPcontato@plugify.com.br                                                                                           
3410001300004J00032991110300000121460001090000900529000796020PLUGIFY TECNOLOGIA S/A        020620250000000000121460000000000000000000000000000000206202500000000001214600000000000000010073352686                                               
3410001300004J000522044522660000108BARTE BRASIL LTDA.                      2023599885000192PLUGIFY TECNOLOGIA S/A                  0000000000000000                                                                                             
3410001300004B   223599885000192AVENIDA DAS NACOES UNIDAS     11857CONJ 81 E 82   BROOKLIN PAULISSAO PAULO           04578908SPcontato@plugify.com.br                                                                                           
3410001300005J00040391110400002500000000055738446013575957201POPU DIGITAL LTDA             020620250000000002500000000000000000000000000000000000206202500000000025000000000000000000010060060534                                               
3410001300005J000522044522660000108BARTE BRASIL LTDA.                      2055738446000100POPU DIGITAL LTDA                       0000000000000000                                                                                             
3410001300005B   255738446000100R MONTE ALEGRE                00061CONJ  53       PERDIZES       SAO PAULO           05014000SP                                                                                                                 
3410001300006J00007792110300007500000001112087065290301872571WARUN GESTAO DE NEGOCIOS LTDA 020620250000000007500000000000000000000000000000000000206202500000000075000000000000000000010060265230                                               
3410001300006J000522044522660000108BARTE BRASIL LTDA.                      2051674029000190WARUN GESTAO DE NEGOCIOS LTDA           0000000000000000                                                                                             
3410001300006B   251674029000190RUA CEL MELO DE OLIVEIRA      00424               PERDIZES       SAO PAULO           05011040SPcontabilzac@zacassessoria.com.br                                                                                 
3410001300007J99940399109700010154260000050236609013511441301AIG SEGUROS BRASIL S.A.       000000000000000010154260000000000000000000000000000000106202500000000000000000000000000000010071103892                                               
3410001300007J999522044522660000108BARTE BRASIL LTDA.                      2033040981000150AIG SEGUROS BRASIL S.A.                 0000000000000000                                                                                             
3410001300007B   233040981000150AVENIDA DOUTOR CHUCRI ZAIDAN  00296ANDAR 17 E 18  VILA CORDEIRO  SAO PAULO           04583110SPbr.recepcao@aig.com                                                                                              
3410001300008J99923792109700000818643369090000000591700061430TRMS DATA LTDA                000000000000000000818640000000000000000000000000000000106202500000000000000000000000000000010072887586                                               
3410001300008J999522044522660000108BARTE BRASIL LTDA.                      2054101709000102TRMS DATA LTDA                          0000000000000000                                                                                             
3410001300008B   254101709000102RUA SETE DE SETEMBRO          00111SAL 1301       CENTRO         RIO DE JANEIRO      20050006RJinfo@trmsdata.com.br                                                                                             
34100015         000026000000000003680612000000000000000000                                                                                                                                                                                     
34199999         000001000028                                                                                                                                                                                                                   
