34100000      080244522660000108                    02926 000000032068 6BARTE BRASIL LTDA.            BANCO ITAU SA                           12605202510413900000000000000                                                                     
34100011C2030030 244522660000108                    02926 000000032068 6BARTE BRASIL LTDA.                                                    AVENIDA PAULISTA              01636SALA  1504     SAO PAULO           01310200SP                  
3410001300001J00034191109200006325001090004946192954199382000ALLCOM TELECOM COMERCIO E SERV260520250000000006325000000000000000000000000000000002605202500000000063250000000000000000010068374789                                               
3410001300001J000522044522660000108BARTE BRASIL LTDA.                      2019390169000123ALLCOM TELECOM COMERCIO E SERVICOS LTDA 0000000000000000                                                                                             
3410001300001B   219390169000123RUA WERNER VON SIEMENS        00111TORRE A - 1O ANLAPA DE BAIXO  SAO PAULO           05069010SP                                                                                                                 
3410001300002J00034196109500001515271095166299977657112368000BOA VISTA SERVICOS S.A.       260520250000000001515270000000000000000000000000000002605202500000000015152700000000000000010068383612                                               
3410001300002J000522044522660000108BARTE BRASIL LTDA.                      2011725176000127BOA VISTA SERVICOS S.A.                 0000000000000000                                                                                             
3410001300002B   211725176000127AVENIDA TAMBORE               00267EDIF CAN C.ALPHTAMBORE        BARUERI             06460000SPcontato@boavista.com.br                                                                                          
34100015         000008000000000000784027000000000000000000                                                                                                                                                                                     
34100021C2031030 244522660000108                    02926 000000032068 6BARTE BRASIL LTDA.                                                    AVENIDA PAULISTA              01636SALA  1504     SAO PAULO           01310200SP                  
3410002300001J00042292109700004176007204000023119060000191512ALLCOM TELECOM COMERCIO E SERV260520250000000004176000000000000000000000000000000002605202500000000041760000000000000000010058434206                                               
3410002300001J000522044522660000108BARTE BRASIL LTDA.                      2019390169000123ALLCOM TELECOM COMERCIO E SERVICOS LTDA 0000000000000000                                                                                             
3410002300001B   219390169000123RUA WERNER VON SIEMENS        00111TORRE A - 1O ANLAPA DE BAIXO  SAO PAULO           05069010SP                                                                                                                 
3410002300002J00023791109700007458392374090000117098900050030B3 S.A. - BRASIL, BOLSA, BALCA260520250000000007458390000000000000000000000000000002605202500000000074583900000000000000010068409906                                               
3410002300002J000522044522660000108BARTE BRASIL LTDA.                      2009346601002179B3 S.A. - BRASIL, BOLSA, BALCAO         0000000000000000                                                                                             
3410002300002B   209346601002179RUA PATRICIO FARIAS           00131SALA 201       ITACORUBI      FLORIANOPOLIS       88034132SCsocietariob3@b3.com.br                                                                                           
3410002300003J00000194109700000362330000003169475000201154717CONFIRME ON LINE SERVICOS DE I260520250000000000362330000000000000000000000000000002605202500000000003623300000000000000010068385231                                               
3410002300003J000522044522660000108BARTE BRASIL LTDA.                      2010660172000145CONFIRME ON LINE SERVICOS DE INFORMACOES0000000000000000                                                                                             
3410002300003B   210660172000145PRACA PIO X                   00055SAL 802        CENTRO         RIO DE JANEIRO      20040020RJro@credilink.com.br                                                                                              
3410002300004J00030193109500018487710000015301860006354869204MALGA CONSULTORIA E SERVICOS L260520250000000018487710000000000000000000000000000002605202500000000184877100000000000000010059534686                                               
3410002300004J000522044522660000108BARTE BRASIL LTDA.                      2037134852000181MALGA CONSULTORIA E SERVICOS LTDA.      0000000000000000                                                                                             
3410002300004B   237134852000181DA GAVEA                      00696SAL 0213 SAL 02SAO CONRADO    RIO DE JANEIRO      22610002RJdiligenceempresarial@outlook.com                                                                                 
34100025         000014000000000003048443000000000000000000                                                                                                                                                                                     
34100031C2291030 244522660000108                    02926 000000032068 6BARTE BRASIL LTDA.                                                    AVENIDA PAULISTA              01636SALA  1504     SAO PAULO           01310200SP                  
3410003300001O000858200000066360403852512500716251428752310308345BARTE BRASIL LTDA.            26052025REA00000000000000000000000006360426052025000000000000000   000000000   10068389555                                                       
34100035         000003000000000000063604000000000000000000                                                                                                                                                                                     
34199999         000003000027                                                                                                                                                                                                                   
