34100000      080244522660000108                    02926 000000032068 6BARTE BRASIL LTDA.            BANCO ITAU SA                           12204202508545500000000000000                                                                     
34100031C2045040 244522660000108                    02926 000000032068 6BARTE BRASIL LTDA.                                                    AVENIDA PAULISTA              01636SALA  1504     SAO PAULO           01310200SP                  
3410003300001A000009000                    35.216.081 VINICIUS REDA      10049719874         22042025REA000000000400000000000000040000                    00000000000000000000000                    00000035216081000146  01.3      5          
3410003300002B03 235216081000146                                                                                               35216081000146                                                                                                   
3410003300003A000009000                    ANDRE DALLA NORA FAURI        10049715622         22042025REA000000000400000000000000123149                    00000000000000000000000                    00000000000781003059  01.3      5          
3410003300004B02 100000781003059                                                                                               decofauri@gmail.com                                                                                              
3410003300005A000009000                    ANDRE DALLA NORA FAURI        10049716027         22042025REA000000000400000000000000014700                    00000000000000000000000                    00000000000781003059  01.3      5          
3410003300006B02 100000781003059                                                                                               decofauri@gmail.com                                                                                              
3410003300007A000009000                    BESSEDER INTELIGENCIA DE NEGOC10048957516         22042025REA000000000400000000000000381333                    00000000000000000000000                    00000058484878000120  01.3      5          
3410003300008B03 258484878000120                                                                                               58484878000120                                                                                                   
3410003300009A000009000                    CELIN TURISMO LTDA            10049713238         22042025REA000000000400000000000000504000                    00000000000000000000000                    00000047599872000181  01.3      5          
3410003300010B03 247599872000181                                                                                               47599872000181                                                                                                   
3410003300011A000009000                    EDMILSON NELSON DA SILVA JUNIO10049716563         22042025REA000000000400000000000000016194                    00000000000000000000000                    00000000046774210805  01.3      5          
3410003300012B03 100046774210805                                                                                               50516001000161                                                                                                   
3410003300013A00000907700001 000041991956 2JANYNE DA SILVA SOUSA 1552257410049703599         22042025REA004169680100000000000000600000                    00000000000000000000000                    00000042515891000169  01.4      5          
3410003300014B   242515891000169                                                                                                                                                                                                                
3410003300015A00000907700001 000041991956 2JANYNE DA SILVA SOUSA 1552257410049707790         22042025REA004169680100000000000000600000                    00000000000000000000000                    00000042515891000169  01.4      5          
3410003300016B   242515891000169                                                                                                                                                                                                                
3410003300017A00000933600001 000031215873 4JOBLER ALPHAVILLE CONSULTORIA 10049709098         22042025REA318724950100000000000002200000                    00000000000000000000000                    00000053551261000166  01.4      5          
3410003300018B   253551261000166                                                                                                                                                                                                                
3410003300019A00000926000001 000040203897 3MACB SERVICOS ADMINISTRATIVOS 10049710621         22042025REA182361200100000000000000547662                    00000000000000000000000                    00000045763746000195  01.4      5          
3410003300020B   245763746000195                                                                                                                                                                                                                
3410003300021A000009000                    RIR SERVICOS ADMINISTRATIVOS L10047911483         22042025REA000000000400000000000000355333                    00000000000000000000000                    00000056031189000134  01.3      5          
3410003300022B03 256031189000134                                                                                               56031189000134                                                                                                   
3410003300023A000009000                    VALERIA CRISTINA CANDIDO DE SO10011332444         22042025REA000000000400000000000000083600                    00000000000000000000000                    00000000057585083149  01.3      5          
3410003300024B04 100057585083149                                                                                               BD408B98-F8C7-419A-9F60-9435E8B5E834                                                                             
34100035         000026000000000005465971000000000000000000                                                                                                                                                                                     
34199999         000003000028                                                                                                                                                                                                                   
