34100000      080244522660000108                    02926 000000032068 6BARTE BRASIL LTDA.            BANCO ITAU SA                           11905202511150900000000000000                                                                     
34100051C2047040 244522660000108                    02926 000000032068 6BARTE BRASIL LTDA.                                                    AVENIDA PAULISTA              01636SALA  1504     SAO PAULO           01310200SP                  
3410005300001J00000000000000000000000000000000000000000000000EMPRESA BRASILEIRA DE BENEFICI190520250000000000580650000000000000000000000000000001905202500000000005806500000000000000010064316537                                               
3410005300002J000522044522660000108BARTE BRASIL LTDA.                      2033449007000144                                        A2EB0360-493E-46B1-AC86-22DF16706D7A                                         OFI6YBCE8P97B8SWHJRZX0          
34100055         000004000000000000058065000000000000000000                                                                                                                                                                                     
34100061C2045040 244522660000108                    02926 000000032068 6BARTE BRASIL LTDA.                                                    AVENIDA PAULISTA              01636SALA  1504     SAO PAULO           01310200SP                  
3410006300001A000009000                    BECKER, BRUZZI   LAMEIRAO ADVO10033221666         19052025REA000000000400000000000000350000                    00000000000000000000000                    00000045368352000132  01.3      5          
3410006300002B03 245368352000132                                                                                               45368352000132                                                                                                   
3410006300003A000009000                    BECKER, BRUZZI   LAMEIRAO ADVO10064302071         19052025REA000000000400000000000000800000                    00000000000000000000000                    00000045368352000132  01.3      5          
3410006300004B03 245368352000132                                                                                               45368352000132                                                                                                   
3410006300005A000009000                    BRUNO ISRAEL 8 PROMO DE VENDAS10064318305         19052025REA000000000400000000000001916667                    00000000000000000000000                    00000033665509000102  01.3      5          
3410006300006B03 233665509000102                                                                                               33665509000102                                                                                                   
3410006300007A000009000                    CELIN TURISMO LTDA            10065196461         19052025REA000000000400000000000000370000                    00000000000000000000000                    00000047599872000181  01.3      5          
3410006300008B03 247599872000181                                                                                               47599872000181                                                                                                   
3410006300009A000009000                    DANIEL ZABOROWSKY GRAICER     10064508997         19052025REA000000000400000000000000111449                    00000000000000000000000                    00000000048451766889  01.3      5          
3410006300010B03 100048451766889                                                                                               48451766889                                                                                                      
3410006300011A000009000                    DU LAR SOLUCOES EM JARDINAGEM 10062440232         19052025REA000000000400000000000000070000                    00000000000000000000000                    00000053973150000148  01.3      5          
3410006300012B01 253973150000148                                                                                               +5511943316053                                                                                                   
3410006300013A000009000                    JOBLER ALPHAVILLE CONSULTORIA 10064363769         19052025REA000000000400000000000002400000                    00000000000000000000000                    00000053551261000166  01.3      5          
3410006300014B03 253551261000166                                                                                               53551261000166                                                                                                   
3410006300015A000009000                    LUGH CONTROL MONITORAMENTO E A10062440274         19052025REA000000000400000000000000025000                    00000000000000000000000                    00000007029972000158  01.3      5          
3410006300016B03 207029972000158                                                                                               07029972000158                                                                                                   
3410006300017A00000926000001 000040203897 3MACB SERVICOS ADMINISTRATIVOS 10065194533         19052025REA182361200100000000000000340000                    00000000000000000000000                    00000045763746000195  01.4      5          
3410006300018B   245763746000195                                                                                                                                                                                                                
3410006300019A000009000                    NOSSA MARIA LTDA              10064503961         19052025REA000000000400000000000000174927                    00000000000000000000000                    00000039499374000139  01.3      5          
3410006300020B03 239499374000139                                                                                               39499374000139                                                                                                   
3410006300021A000009000                    VALERIA CRISTINA CANDIDO DE SO10011332456         19052025REA000000000400000000000000083600                    00000000000000000000000                    00000000057585083149  01.3      5          
3410006300022B04 100057585083149                                                                                               BD408B98-F8C7-419A-9F60-9435E8B5E834                                                                             
34100065         000024000000000006641643000000000000000000                                                                                                                                                                                     
34199999         000006000030                                                                                                                                                                                                                   
