34100000      080244522660000108                    02926 000000032068 6BARTE BRASIL LTDA.            BANCO ITAU SA                           11404202515022800000000000000                                                                     
34100051C2047040 244522660000108                    02926 000000032068 6BARTE BRASIL LTDA.                                                    AVENIDA PAULISTA              01636SALA  1504     SAO PAULO           01310200SP                  
3410005300001J00000000000000000000000000000000000000000000000EMPRESA BRASILEIRA DE BENEFICI140420250000000000480000000000000000000000000000000001404202500000000004800000000000000000010043928705                                               
3410005300002J000522044522660000108BARTE BRASIL LTDA.                      2033449007000144                                        A2EB0360-493E-46B1-AC86-22DF16706D7A                                         MPUH9JV7WTKFJHSDZHZQGG          
3410005300003J00000000000000000000000000000000000000000000000EMPRESA BRASILEIRA DE BENEFICI140420250000000000340000000000000000000000000000000001404202500000000003400000000000000000010043936607                                               
3410005300004J000522044522660000108BARTE BRASIL LTDA.                      2033449007000144                                        A2EB0360-493E-46B1-AC86-22DF16706D7A                                         TXJB3RJXKV6MHBU5RFMWEY          
34100055         000006000000000000082000000000000000000000                                                                                                                                                                                     
34100061C2045040 244522660000108                    02926 000000032068 6BARTE BRASIL LTDA.                                                    AVENIDA PAULISTA              01636SALA  1504     SAO PAULO           01310200SP                  
3410006300001A000009000                    ALEX FERNANDES DA COSTA       10046777277         14042025REA000000000400000000000000011369                    00000000000000000000000                    00000000034391776880  01.3      5          
3410006300002B03 100034391776880                                                                                               57884533000109                                                                                                   
3410006300003A000009000                    BECKER, BRUZZI   LAMEIRAO ADVO10043188383         14042025REA000000000400000000000000800000                    00000000000000000000000                    00000045368352000132  01.3      5          
3410006300004B03 245368352000132                                                                                               45368352000132                                                                                                   
3410006300005A000009000                    BRUNA BATISTA DA SILVA        10046783739         14042025REA000000000400000000000000096600                    00000000000000000000000                    00000000040636099873  01.3      5          
3410006300006B03 100040636099873                                                                                               40636099873                                                                                                      
3410006300007A00000934107048 000000010803 4CARMEN LUCIA MELGES ELIAS GATT9981538380          14042025REA607011900100000000000001575850                    00000000000000000000000                    00000000004538093831  01.4      5          
3410006300008B   100004538093831                                                                                                                                                                                                                
3410006300009A00000934107048 000000010803 4CARMEN LUCIA MELGES ELIAS GATT10004170289         14042025REA607011900100000000000000424169                    00000000000000000000000                    00000000004538093831  01.4      5          
3410006300010B   100004538093831                                                                                                                                                                                                                
3410006300011A000009000                    CELIN TURISMO LTDA            10047054842         14042025REA000000000400000000000000515000                    00000000000000000000000                    00000047599872000181  01.3      5          
3410006300012B03 247599872000181                                                                                               47599872000181                                                                                                   
3410006300013A00000934101248 000000006376 8INSTITUTO EMPREENDER ENDEAVOR 10035498831         14042025REA607011900100000000000001144000                    00000000000000000000000                    00000003984807000102  01.4      5          
3410006300014B   203984807000102                                                                                                                                                                                                                
3410006300015A000009000                    LEONE CAETANO TESTONI 3947247210046775006         14042025REA000000000400000000000000627350                    00000000000000000000000                    00000047783018000170  01.3      5          
3410006300016B03 247783018000170                                                                                               47783018000170                                                                                                   
3410006300017A000009000                    RICARDO PERES COSTA           10046786310         14042025REA000000000400000000000000008749                    00000000000000000000000                    00000000011318222699  01.3      5          
3410006300018B03 100011318222699                                                                                               11318222699                                                                                                      
3410006300019A000009000                    VALERIA CRISTINA CANDIDO DE SO10011332441         14042025REA000000000400000000000000041800                    00000000000000000000000                    00000000057585083149  01.3      5          
3410006300020B04 100057585083149                                                                                               BD408B98-F8C7-419A-9F60-9435E8B5E834                                                                             
34100065         000022000000000005244887000000000000000000                                                                                                                                                                                     
34199999         000006000030                                                                                                                                                                                                                   
