34100000      080244522660000108                    02926 000000032068 6BARTE BRASIL LTDA.            BANCO ITAU SA                           12804202512490200000000000000                                                                     
34100031C2045040 244522660000108                    02926 000000032068 6BARTE BRASIL LTDA.                                                    AVENIDA PAULISTA              01636SALA  1504     SAO PAULO           01310200SP                  
3410003300001A000009000                    CELIN TURISMO LTDA            10053076590         28042025REA000000000400000000000000070000                    00000000000000000000000                    00000047599872000181  01.3      5          
3410003300002B03 247599872000181                                                                                               47599872000181                                                                                                   
3410003300003A000009000                    CELIN TURISMO LTDA            10053079907         28042025REA000000000400000000000000876500                    00000000000000000000000                    00000047599872000181  01.3      5          
3410003300004B03 247599872000181                                                                                               47599872000181                                                                                                   
3410003300005A000009000                    CHRISTIAN COSTA PINHEIRO VALEN10053136223         28042025REA000000000400000000000000010762                    00000000000000000000000                    00000000005212972140  01.3      5          
3410003300006B03 100005212972140                                                                                               05212972140                                                                                                      
3410003300007A000009000                    NACIONAL LOCACAO DE MOVEIS E E10052614138         28042025REA000000000400000000000000021060                    00000000000000000000000                    00000006318207000195  01.3      5          
3410003300008B03 206318207000195                                                                                               06318207000195                                                                                                   
3410003300009A000009000                    START EVOLUCAO LTDA           10053064950         28042025REA000000000400000000000000400000                    00000000000000000000000                    00000048939067000112  01.3      5          
3410003300010B03 248939067000112                                                                                               48939067000112                                                                                                   
3410003300011A000009000                    RAYMOND ISY RAHMANI           10053084538         28042025REA000000000400000000000000028000                    00000000000000000000000                    00000000045589875870  01.3      5          
3410003300012B03 100045589875870                                                                                               45589875870                                                                                                      
3410003300013A000009000                    RYTO COMUNICACAO ESTRATEGICA L10053232002         28042025REA000000000400000000000000011974                    00000000000000000000000                    00000037714783000185  01.3      5          
3410003300014B03 237714783000185                                                                                               37714783000185                                                                                                   
3410003300015A000009000                    VALERIA CRISTINA CANDIDO DE SO10011332447         28042025REA000000000400000000000000041800                    00000000000000000000000                    00000000057585083149  01.3      5          
3410003300016B04 100057585083149                                                                                               BD408B98-F8C7-419A-9F60-9435E8B5E834                                                                             
34100035         000018000000000001460096000000000000000000                                                                                                                                                                                     
34199999         000003000020                                                                                                                                                                                                                   
