34100000      080244522660000108                    02926 000000032068 6BARTE BRASIL LTDA.            BANCO ITAU SA                           11404202515022800000000000000                                                                     
34100011C2030030 244522660000108                    02926 000000032068 6BARTE BRASIL LTDA.                                                    AVENIDA PAULISTA              01636SALA  1504     SAO PAULO           01310200SP                  
3410001300001J00034196105200001785861090004612122954199382000ALLCOM TELECOM COMERCIO E SERV140420250000000001785860000000000000000000000000000001404202500000000017858600000000000000010041748573                                               
3410001300001J000522044522660000108BARTE BRASIL LTDA.                      2019390169000123ALLCOM TELECOM COMERCIO E SERVICOS LTDA 0000000000000000                                                                                             
3410001300001B   219390169000123RUA WERNER VON SIEMENS        00111TORRE A - 1O ANLAPA DE BAIXO  SAO PAULO           05069010SP                                                                                                                 
3410001300002J00034198105100002500001095150497757657112368000BOA VISTA SERVICOS S.A.       140420250000000002500000000000000000000000000000000001404202500000000025000000000000000000010043196279                                               
3410001300002J000522044522660000108BARTE BRASIL LTDA.                      2011725176000127BOA VISTA SERVICOS S.A.                 0000000000000000                                                                                             
3410001300002B   211725176000127AVENIDA TAMBORE               00267EDIF CAN C.ALPHTAMBORE        BARUERI             06460000SPcontato@boavista.com.br                                                                                          
3410001300003J00034191105400000240001090000010874465220574000LEND GESTAO DE GARANTIAS LTDA 140420250000000000240000000000000000000000000000000001404202500000000002400000000000000000010038237969                                               
3410001300003J000522044522660000108BARTE BRASIL LTDA.                      2039879188000125LEND GESTAO DE GARANTIAS LTDA           0000000000000000                                                                                             
3410001300003B   239879188000125RUA DEP LACERDA FRANCO        00300CONJ 36        PINHEIROS      SAO PAULO           05418000SPcontato@lend.tech                                                                                                
3410001300004J00034194105200006938691090150202420378005789000VTEX BRASIL TECNOLOGIA PARA E-140420250000000006938690000000000000000000000000000001404202500000000069386900000000000000010036012234                                               
3410001300004J000522044522660000108BARTE BRASIL LTDA.                      2005314972000174VTEX BRASIL TECNOLOGIA PARA E-COMMERCE L0000000000000000                                                                                             
3410001300004B   205314972000174AV BRIGADEIRO FARIA LIMA      04440ANDAR 10       ITAIM BIBI     SAO PAULO           04538132SPcontasapagar@vtex.com.br                                                                                         
3410001300005J00034191105100000398001090001067256330173466000WALL JOBS TECNOLOGIA LTDA     140420250000000000398000000000000000000000000000000001404202500000000003980000000000000000010034783269                                               
3410001300005J000522044522660000108BARTE BRASIL LTDA.                      2023251141000182WALL JOBS TECNOLOGIA LTDA               0000000000000000                                                                                             
3410001300005B   223251141000182RUA CUNHA                     00118CONJ 2         VILA CLEMENTINOSAO PAULO           04037030SPfinanceiro@walljobs.com.br                                                                                       
34100015         000017000000000001186255000000000000000000                                                                                                                                                                                     
34100021C2031030 244522660000108                    02926 000000032068 6BARTE BRASIL LTDA.                                                    AVENIDA PAULISTA              01636SALA  1504     SAO PAULO           01310200SP                  
3410002300001J00045095105200001159350010000174198681350261820NEW COMPANNY CONTADORES ASSOCI140420250000000001159350000000000000000000000000000001404202500000000011593500000000000000010037320059                                               
3410002300001J000522044522660000108BARTE BRASIL LTDA.                      2048851266000174NEW COMPANNY CONTADORES ASSOCIADOS      0000000000000000                                                                                             
3410002300001B   248851266000174AVENIDA MOFARREJ              00348CONJ 1308      VILA LEOPOLDINASAO PAULO           05311000SPtributos@incompanny.com.br                                                                                       
3410002300002J00030196105200031083630000015301860006312800204MALGA CONSULTORIA E SERVICOS L140420250000000031083630000000000000000000000000000001404202500000000310836300000000000000010038237977                                               
3410002300002J000522044522660000108BARTE BRASIL LTDA.                      2037134852000181MALGA CONSULTORIA E SERVICOS LTDA.      0000000000000000                                                                                             
3410002300002B   237134852000181DA GAVEA                      00696SAL 0213 SAL 02SAO CONRADO    RIO DE JANEIRO      22610002RJdiligenceempresarial@outlook.com                                                                                 
34100025         000008000000000003224298000000000000000000                                                                                                                                                                                     
34100031C2013030 244522660000108                    02926 000000032068 6BARTE BRASIL LTDA.                                                    AVENIDA PAULISTA              01636SALA  1504     SAO PAULO           01310200SP                  
3410003300001O000846400000010429100820894992569262114948640796991TELEFONICA BRASIL S.A.        14042025REA00000000000000000000000001429114042025000000000000000   000000000   10043939213                                                       
34100035         000003000000000000014291000000000000000000                                                                                                                                                                                     
34100041C2291030 244522660000108                    02926 000000032068 6BARTE BRASIL LTDA.                                                    AVENIDA PAULISTA              01636SALA  1504     SAO PAULO           01310200SP                  
3410004300001O000858600001655899503852511070716251001594299845583BARTE BRASIL LTDA.            14042025REA00000000000000000000000165899514042025000000000000000   000000000   10046810834                                                       
34100045         000003000000000001658995000000000000000000                                                                                                                                                                                     
34199999         000004000033                                                                                                                                                                                                                   
