34100000      080244522660000108                    02926 000000032068 6BARTE BRASIL LTDA.            BANCO ITAU SA                           10505202511540100000000000000                                                                     
34100011C2030030 244522660000108                    02926 000000032068 6BARTE BRASIL LTDA.                                                    AVENIDA PAULISTA              01636SALA  1504     SAO PAULO           01310200SP                  
3410001300001J00034195107200007496001090002807602954199382000ALLCOM TELECOM COMERCIO E SERV05052025000000000749600000000000000000000000000000000050520250000000007496000000000000000009934915994                                                
3410001300001J000522044522660000108BARTE BRASIL LTDA.                      2019390169000123ALLCOM TELECOM COMERCIO E SERVICOS LTDA 0000000000000000                                                                                             
3410001300001B   219390169000123RUA WERNER VON SIEMENS        00111TORRE A - 1O ANLAPA DE BAIXO  SAO PAULO           05069010SP                                                                                                                 
3410001300002J00034198107200001169001090185333320910026160000OMIEXPERIENCE LTDA.           050520250000000001169000000000000000000000000000000000505202500000000011690000000000000000010048957526                                               
3410001300002J000522044522660000108BARTE BRASIL LTDA.                      2018511742000147OMIEXPERIENCE LTDA.                     0000000000000000                                                                                             
3410001300002B   218511742000147AV JURUBATUBA                 00460               VILA CORDEIRO  SAO PAULO           04583100SPfinanceiro@omie.com.br                                                                                           
34100015         000008000000000000866500000000000000000000                                                                                                                                                                                     
34100021C2031030 244522660000108                    02926 000000032068 6BARTE BRASIL LTDA.                                                    AVENIDA PAULISTA              01636SALA  1504     SAO PAULO           01310200SP                  
3410002300001J0004619710720000540000111000000000003060925620149.855.267 LUCAS SEVERO AGLIAR050520250000000005400000000000000000000000000000000000505202500000000054000000000000000000010056227848                                               
3410002300001J000522044522660000108BARTE BRASIL LTDA.                      204985526700015049.855.267 LUCAS SEVERO AGLIARDI        0000000000000000                                                                                             
3410002300001B   249855267000150RODOVIA ARMANDO CALIL BULOS   06567APT 109;BLOCO FINGLESES DO RIOFLORIANOPOLIS       88058001SClucas.agliardi@hotmail.com                                                                                       
3410002300002J00007799107200007962000001112022778990276594242LEANDRO CORREA SOCIEDADE INDIV050520250000000007962000000000000000000000000000000000505202500000000079620000000000000000010047571918                                               
3410002300002J000522044522660000108BARTE BRASIL LTDA.                      2027206436000198LEANDRO CORREA SOCIEDADE INDIVIDUAL DE A0000000000000000                                                                                             
3410002300002B   227206436000198RUA MINISTRO FERREIRA ALVES   00330APT 513        PERDIZES       SAO PAULO           05009060SP                                                                                                                 
3410002300003J00075598107200005934600003492950370139653331033UBER DO BRASIL TECNOLOGIA LTDA050520250000000005934600000000000000000000000000000000505202500000000059346000000000000000010056361874                                               
3410002300003J000522044522660000108BARTE BRASIL LTDA.                      2017895646000187UBER DO BRASIL TECNOLOGIA LTDA.         0000000000000000                                                                                             
3410002300003B   217895646000187AV BRIGADEIRO FARIA LIMA      00949ANDAR 8 EDIF FAPINHEIROS      SAO PAULO           05426200SPcorrespondencias@uber.com                                                                                        
3410002300004J00007796107200007500000001112087065290275629130WARUN GESTAO DE NEGOCIOS LTDA 050520250000000007500000000000000000000000000000000000505202500000000075000000000000000000010047344026                                               
3410002300004J000522044522660000108BARTE BRASIL LTDA.                      2051674029000190WARUN GESTAO DE NEGOCIOS LTDA           0000000000000000                                                                                             
3410002300004B   251674029000190RUA CEL MELO DE OLIVEIRA      00424               PERDIZES       SAO PAULO           05011040SPcontabilzac@zacassessoria.com.br                                                                                 
34100025         000014000000000002679660000000000000000000                                                                                                                                                                                     
34100031C2013030 244522660000108                    02926 000000032068 6BARTE BRASIL LTDA.                                                    AVENIDA PAULISTA              01636SALA  1504     SAO PAULO           01310200SP                  
3410003300001O000826000000008635500970911093819272027195970541031COMPANHIA DE SANEAMENTO BASICO05052025REA00000000000000000000000000635505052025000000000000000   000000000   10056419629                                                       
34100035         000003000000000000006355000000000000000000                                                                                                                                                                                     
34199999         000003000027                                                                                                                                                                                                                   
