34100000      080244522660000108                    02926 000000032068 6BARTE BRASIL LTDA.            BANCO ITAU SA                           12804202512490200000000000000                                                                     
34100011C2030030 244522660000108                    02926 000000032068 6BARTE BRASIL LTDA.                                                    AVENIDA PAULISTA              01636SALA  1504     SAO PAULO           01310200SP                  
3410001300001J00034195106400007280001090002714212954199382000ALLCOM TELECOM COMERCIO E SERV28042025000000000728000000000000000000000000000000000280420250000000007280000000000000000009926540113                                                
3410001300001J000522044522660000108BARTE BRASIL LTDA.                      2019390169000123ALLCOM TELECOM COMERCIO E SERVICOS LTDA 0000000000000000                                                                                             
3410001300001B   219390169000123RUA WERNER VON SIEMENS        00111TORRE A - 1O ANLAPA DE BAIXO  SAO PAULO           05069010SP                                                                                                                 
3410001300002J00034195106500000886251090028745630264430893000JOHN RICHARD LOCACAO DE MOVEIS280420250000000000886250000000000000000000000000000002804202500000000008862500000000000000010053068465                                               
3410001300002J000522044522660000108BARTE BRASIL LTDA.                      2002964380000100JOHN RICHARD LOCACAO DE MOVEIS LTDA.    0000000000000000                                                                                             
3410001300002B   202964380000100RUA SION                      00066               SOCORRO        SAO PAULO           04774040SPjohnrichard@johnrichard.com.br                                                                                   
34100015         000008000000000000816625000000000000000000                                                                                                                                                                                     
34100021C2031030 244522660000108                    02926 000000032068 6BARTE BRASIL LTDA.                                                    AVENIDA PAULISTA              01636SALA  1504     SAO PAULO           01310200SP                  
3410002300001J00000193106700000362330000003169475000201102817CONFIRME ON LINE SERVICOS DE I280420250000000000362330000000000000000000000000000002804202500000000003623300000000000000010053244795                                               
3410002300001J000522044522660000108BARTE BRASIL LTDA.                      2010660172000145CONFIRME ON LINE SERVICOS DE INFORMACOES0000000000000000                                                                                             
3410002300001B   210660172000145PRACA PIO X                   00055SAL 802        CENTRO         RIO DE JANEIRO      20040020RJro@credilink.com.br                                                                                              
3410002300002J00075596106800001547710003385735530000407001984FACEBOOK SERVICOS ONLINE DO BR280420250000000001547710000000000000000000000000000002804202500000000015477100000000000000010037477989                                               
3410002300002J000522044522660000108BARTE BRASIL LTDA.                      2013347016000117FACEBOOK SERVICOS ONLINE DO BRASIL LTDA.0000000000000000                                                                                             
3410002300002B   213347016000117AV BRIG FARIA LIMA            03732ANDAR 3AO7 8ALAITAIM BIBI     SAO PAULO           04538132SPapbr@fb.com                                                                                                      
3410002300003J00033691106500004550000000265627130238120935103FLEXDECORA PERSIANAS CORTINAS 280420250000000004550000000000000000000000000000000002804202500000000045500000000000000000010053072799                                               
3410002300003J000522044522660000108BARTE BRASIL LTDA.                      2050136330000187FLEXDECORA PERSIANAS CORTINAS  E TOLDOS 0000000000000000                                                                                             
3410002300003B   250136330000187AV PAULISTA                   01471CONJ  511      BELA VISTA     SAO PAULO           01311927SPcontato@lgcontabilidade.com.br                                                                                   
34100025         000011000000000000646004000000000000000000                                                                                                                                                                                     
34199999         000002000021                                                                                                                                                                                                                   
